<record><leader>00000cas a22000007a 4500</leader><controlfield tag="001">20498478</controlfield><controlfield tag="008">891017d18791887mdudn ne      0    0eng d</controlfield><datafield ind1=" " ind2=" " tag="010"><subfield code="a">sn 89060190 </subfield></datafield><datafield ind1=" " ind2=" " tag="040"><subfield code="a">MFN</subfield><subfield code="b">eng</subfield><subfield code="c">MFN</subfield><subfield code="d">OCLCQ</subfield></datafield><datafield ind1=" " ind2=" " tag="042"><subfield code="a">msc</subfield></datafield><datafield ind1="0" ind2="0" tag="245"><subfield code="a">Hagerstown daily news.</subfield></datafield><datafield ind1=" " ind2=" " tag="260"><subfield code="a">Hagerstown, Md. :</subfield><subfield code="b">Adams &amp; Herbert</subfield></datafield><datafield ind1=" " ind2=" " tag="300"><subfield code="a">v.</subfield></datafield><datafield ind1=" " ind2=" " tag="310"><subfield code="a">Daily (except Sun.)</subfield></datafield><datafield ind1="0" ind2=" " tag="362"><subfield code="a">Vol. 7, no. 62 (July 4, 1879)-v. 14, no. 230 (Dec. 19, 1887).</subfield></datafield><datafield ind1=" " ind2=" " tag="752"><subfield code="a">United States</subfield><subfield code="b">Maryland</subfield><subfield code="c">Washington</subfield><subfield code="d">Hagerstown.</subfield></datafield><datafield ind1="0" ind2=" " tag="775"><subfield code="t">Weekly news (Hagerstown, Md. : 1873)</subfield><subfield code="w">(DLC)sn 85025362</subfield></datafield><datafield ind1="0" ind2="0" tag="780"><subfield code="t">Daily news (Hagerstown, Md. : 1873)</subfield><subfield code="w">(DLC)sn 85025361</subfield></datafield><datafield ind1="0" ind2="0" tag="785"><subfield code="t">Daily news (Hagerstown, Md. : 1887)</subfield><subfield code="w">(DLC)sn 89060191</subfield></datafield></record>